@article{rudin1976principles,
 title={Principles of mathematical analysis},
 author={Rudin, Walter},
 journal={New York: McGraw-Hill,[1976]},
 year={1976}
}
